<record><leader>00000cas a22000007a 4500</leader><controlfield tag="001">12948217</controlfield><controlfield tag="008">851221d18uu1905iauwr ne      0    0eng d</controlfield><datafield ind1=" " ind2=" " tag="010"><subfield code="a">sn 85049911 </subfield></datafield><datafield ind1=" " ind2=" " tag="040"><subfield code="a">INP</subfield><subfield code="b">eng</subfield><subfield code="c">INP</subfield><subfield code="d">OCLCQ</subfield></datafield><datafield ind1=" " ind2=" " tag="042"><subfield code="a">msc</subfield></datafield><datafield ind1="0" ind2=" " tag="130"><subfield code="a">Burlington hawk-eye (Burlington, Iowa : 1895)</subfield></datafield><datafield ind1="1" ind2="4" tag="245"><subfield code="a">The Burlington hawk-eye.</subfield></datafield><datafield ind1="1" ind2="7" tag="246"><subfield code="a">Weekly hawk-eye</subfield></datafield><datafield ind1=" " ind2=" " tag="260"><subfield code="a">Burlington, Iowa :</subfield><subfield code="b">[Hawkeye Co.]</subfield></datafield><datafield ind1=" " ind2=" " tag="300"><subfield code="a">v. :</subfield><subfield code="b">ill. (chiefly advertisements) ;</subfield><subfield code="c">59 cm.</subfield></datafield><datafield ind1=" " ind2=" " tag="310"><subfield code="a">Weekly</subfield></datafield><datafield ind1="1" ind2=" " tag="362"><subfield code="a">Ceased in 1905.</subfield><subfield code="z">Cf. Bibl. of Iowa newspapers.</subfield></datafield><datafield ind1=" " ind2=" " tag="515"><subfield code="a">Numbering system begins with 61st year, no. 2 (June 22, 1899) issue.</subfield></datafield><datafield ind1=" " ind2=" " tag="588"><subfield code="a">Description based on: Jan. 3, 1895.</subfield></datafield><datafield ind1=" " ind2=" " tag="752"><subfield code="a">United States</subfield><subfield code="b">Iowa</subfield><subfield code="c">Des Moines</subfield><subfield code="d">Burlington.</subfield></datafield><datafield ind1="0" ind2=" " tag="775"><subfield code="t">Burlington hawk-eye (Burlington, Iowa : 1882)</subfield><subfield code="w">(DLC)sn 85049903</subfield></datafield><datafield ind1="0" ind2="0" tag="780"><subfield code="t">Weekly hawk-eye (Burlington, Iowa : 1882)</subfield><subfield code="w">(DLC)sn 85049910</subfield></datafield></record>